<?xml version="1.0" encoding="UTF-8"?>
<record xmlns="http://www.loc.gov/MARC21/slim">
   <leader>01973cam a2200325 a 4500</leader>
   <controlfield tag="001">808960</controlfield>
   <controlfield tag="003">NjP</controlfield>
   <controlfield tag="005">20190705142028.0</controlfield>
   <controlfield tag="008">930517s1988    ir            000 0 ara d</controlfield>
   <datafield tag="024" ind1="7" ind2=" ">
      <subfield code="a">princeton_aco003822</subfield>
      <subfield code="2">local</subfield>
   </datafield>
   <datafield ind1=" " ind2=" " tag="040">
      <subfield code="a">NjP</subfield>
      <subfield code="c">PUL</subfield>
      <subfield code="d">PUL</subfield>
   </datafield>
   <datafield ind1=" " ind2=" " tag="035">
      <subfield code="a">(CStRLIN)NJPG93-B27582</subfield>
   </datafield>
   <datafield ind1=" " ind2=" " tag="035">
      <subfield code="9">ADY8522TS</subfield>
   </datafield>
   <datafield ind1=" " ind2=" " tag="035">
      <subfield code="a">(NjP)808960</subfield>
   </datafield>
   <datafield ind1=" " ind2=" " tag="049">
      <subfield code="a">PULL</subfield>
   </datafield>
   <datafield ind1=" " ind2=" " tag="035">
      <subfield code="a">(OCoLC)ocm28191563</subfield>
   </datafield>
   <datafield ind1="1" ind2=" " tag="100">
      <subfield code="6">880-01</subfield>
      <subfield code="a">Burūjirdī, Ḥusayn al-Ṭabāṭabāʼī,</subfield>
      <subfield code="d">1875-1961.</subfield>
      <subfield code="0">http://id.loc.gov/authorities/names/n87828422</subfield>
   </datafield>
   <datafield ind1="1" ind2="0" tag="240">
      <subfield code="a">Selections</subfield>
   </datafield>
   <datafield ind1="1" ind2="0" tag="245">
      <subfield code="6">880-02</subfield>
      <subfield code="a">Hādhā huwa al-juzʼ al-awwal[-al-thānī] min baʻḍ nusakh mā allafahu al-faqīh al-zāhid fakhr al-Shīʻah al-muḥyī al-sharīʻah al-ʻallāmah al-kubrá wa-Āyat Allāh al-ʻUẓmá al-ḥājj Āqā Ḥusayn al-Ṭabāṭabāʼī al-Burūjirdī ṭāba tharāhu fī tajrīd asānīd al-kāfī ... /</subfield>
      <subfield code="c">ʻuniya bi-istinsākhihi wa-taʻyīn mawāḍiʻ al-isnād Mahdī al-Ṣādiqī.</subfield>
   </datafield>
   <datafield ind1=" " ind2=" " tag="260">
      <subfield code="a">[Iran :</subfield>
      <subfield code="b">s.n.],</subfield>
      <subfield code="c">1409 [1988 or 1989]</subfield>
   </datafield>
   <datafield ind1=" " ind2=" " tag="300">
      <subfield code="a">2 v. ;</subfield>
      <subfield code="c">24 cm.</subfield>
   </datafield>
   <datafield ind1=" " ind2="0" tag="650">
      <subfield code="a">Hadith</subfield>
      <subfield code="x">Authorities.</subfield>
      <subfield code="0">http://id.loc.gov/authorities/subjects/sh85058194</subfield>
   </datafield>
   <datafield ind1="0" ind2=" " tag="740">
      <subfield code="6">880-03</subfield>
      <subfield code="a">Tajrīd asānīd al-kāfī.</subfield>
   </datafield>
   <datafield ind1="1" ind2=" " tag="880">
      <subfield code="6">100-01/r</subfield>
      <subfield code="a">بروجردي، حسين الطباطبائي،</subfield>
      <subfield code="d">1875-1961.</subfield>
   </datafield>
   <datafield ind1="1" ind2="0" tag="880">
      <subfield code="6">245-02/r</subfield>
      <subfield code="a">هذا هو الجزء الاول[الثاني] من بعض نسخ ما الفه الفقيه الزاهد فخر الشيعة المحيي الشريعة العلامة الكبرى وآية الله العظمى الحاج آقا حسين الطباطبائي البروجردي طاب ثراه في تجريد اسانيد الكافي ... /</subfield>
      <subfield code="c">عني باستنساخه وتعيين مواضع الاسناد مهدي الصادقي.</subfield>
   </datafield>
   <datafield ind1="0" ind2=" " tag="880">
      <subfield code="6">740-03/r</subfield>
      <subfield code="a">تجريد اسانيد الكافي.</subfield>
   </datafield>
   <datafield ind1=" " ind2=" " tag="998">
      <subfield code="a">05/17/93</subfield>
      <subfield code="s">9114</subfield>
      <subfield code="n">NjP</subfield>
      <subfield code="d">05/17/93</subfield>
      <subfield code="c">JEB</subfield>
      <subfield code="b">XXX</subfield>
      <subfield code="i">930517</subfield>
      <subfield code="l">NJPG</subfield>
   </datafield>
   <datafield ind1=" " ind2=" " tag="911">
      <subfield code="a">19930527</subfield>
   </datafield>
   <datafield ind1=" " ind2=" " tag="912">
      <subfield code="a">19930517000000.0</subfield>
   </datafield>
   <datafield ind1=" " ind2=" " tag="994">
      <subfield code="a">C0</subfield>
      <subfield code="b">PUL</subfield>
   </datafield>
   <datafield ind1=" " ind2=" " tag="999">
      <subfield code="a">808960</subfield>
   </datafield>
   <datafield ind1=" " ind2=" " tag="979">
      <subfield code="a">(OCoLC)ocn176808939</subfield>
   </datafield>
   <datafield ind1="0" ind2="0" tag="852">
      <subfield code="0">917376</subfield>
      <subfield code="b">rcppa</subfield>
      <subfield code="t">1</subfield>
      <subfield code="h">BP136.4</subfield>
      <subfield code="i">.B878 1988</subfield>
      <subfield code="x">tr fr nec</subfield>
   </datafield>
   <datafield ind1=" " ind2="0" tag="866">
      <subfield code="0">917376</subfield>
      <subfield code="a">juz' 1-2</subfield>
   </datafield>
   <datafield ind1=" " ind2=" " tag="959">
      <subfield code="a">2000-06-13 00:00:00 -0400</subfield>
   </datafield>
</record>
